[gd_scene load_steps=13 format=2]

[ext_resource path="res://Scene Objects/Cliff_Rock1.tscn" type="PackedScene" id=1]
[ext_resource path="res://Materials/LightFadeBlock.tres" type="Material" id=2]
[ext_resource path="res://Materials/DarkFadeBlock.tres" type="Material" id=3]
[ext_resource path="res://Scene Objects/Cave_Straight1.tscn" type="PackedScene" id=4]
[ext_resource path="res://Scene Objects/Cave Rock1.tscn" type="PackedScene" id=5]
[ext_resource path="res://Audio/Cave Mouth Ambiance.wav" type="AudioStream" id=6]
[ext_resource path="res://Audio/Anime Wind.wav" type="AudioStream" id=7]
[ext_resource path="res://Audio/Drips 1.3.wav" type="AudioStream" id=8]
[ext_resource path="res://Scripts/EndGameTrigger.gd" type="Script" id=9]

[sub_resource type="QuadMesh" id=1]

custom_aabb = AABB( 0, 0, 0, 0, 0, 0 )
size = Vector2( 1, 1 )

[sub_resource type="QuadMesh" id=2]

custom_aabb = AABB( 0, 0, 0, 0, 0, 0 )
size = Vector2( 1, 1 )

[sub_resource type="BoxShape" id=3]

extents = Vector3( 1, 1, 1 )

[node name="Main World" type="Node"]

[node name="Cliff" type="Spatial" parent="." index="0"]

editor/display_folded = true
transform = Transform( 1.50785, 4.49809, -4.29985, -1.54336, 3.3872, 3.4892, 5.20822, 0.935398, 1.10867, -46.6438, -9.54951, 8.27278 )

[node name="Cliff_Rock" parent="Cliff" index="0" instance=ExtResource( 1 )]

transform = Transform( 0.828825, -6.60777, 2.87959, 2.98058, 4.1567, 1.92012, -1.5153, 0.649531, 4.75864, -0.280951, 10.3492, -13.5563 )

[node name="Cliff_Rock11" parent="Cliff" index="1" instance=ExtResource( 1 )]

transform = Transform( 0.0824869, 0.160163, -0.200336, -0.082399, 0.248303, 0.0611212, 0.14036, 0.15069, 0.108645, -2.42264, 13.8012, -11.7253 )

[node name="Cliff_Rock12" parent="Cliff" index="2" instance=ExtResource( 1 )]

transform = Transform( 0.0696633, -0.0763823, 0.0148794, 0.0308832, 0.129388, 0.0241286, 0.00277236, -0.0384583, 0.111276, -2.86425, 13.5429, -11.7747 )

[node name="Cliff_Rock2" parent="Cliff" index="3" instance=ExtResource( 1 )]

transform = Transform( -0.734827, -8.04542, -0.307002, 2.9297, 7.3245, 13.9546, -2.23273, 6.00299, 13.4491, 8.09878, 16.8824, -3.27921 )

[node name="Cliff_Rock3" parent="Cliff" index="4" instance=ExtResource( 1 )]

transform = Transform( 1.53271, 8.84692, 2.88754, -1.94669, 6.09793, 14.1548, 3.13091, 4.67322, 12.6893, -14.8656, 16.0972, -12.6748 )

[node name="Cliff_Rock4" parent="Cliff" index="5" instance=ExtResource( 1 )]

transform = Transform( -1.19491, -2.48327, -2.06648, 0.802817, 1.98566, -0.594495, 0.765213, -0.845502, -1.5693, 1.82269, 12.67, -8.9665 )

[node name="Cliff_Rock5" parent="Cliff" index="6" instance=ExtResource( 1 )]

transform = Transform( 0.912913, 2.68939, 2.26139, 1.21379, -0.348657, -1.13484, 1.09492, 1.93399, -1.06357, -7.1375, 12.0616, -12.3392 )

[node name="Cliff_Rock6" parent="Cliff" index="7" instance=ExtResource( 1 )]

transform = Transform( 2.06644, 6.33646, 4.60607, 0.076163, -0.628427, 1.42174, 2.04463, 2.31087, 0.614689, -2.84157, 16.906, -5.76502 )

[node name="Cliff_Rock13" parent="Cliff" index="8" instance=ExtResource( 1 )]

transform = Transform( -2.40172, -6.77639, -5.29602, -0.7967, -0.258094, 2.37933, -1.63794, -1.03172, -0.575741, -3.80111, 18.895, -3.43678 )

[node name="Cliff_Rock7" parent="Cliff" index="9" instance=ExtResource( 1 )]

transform = Transform( 5.46344, 8.79108, 4.80783, 1.67934, 0.776319, -7.8316, -0.22303, 7.46052, 3.046, -4.21769, 15.8372, 6.66308 )

[node name="Cliff_Rock8" parent="Cliff" index="10" instance=ExtResource( 1 )]

transform = Transform( -0.502092, 1.02819, -0.351141, -1.25187, -3.28974, -2.05415, -2.26139, -2.37208, 0.735771, 0.486312, 15.0126, -10.5505 )

[node name="Cliff_Rock9" parent="Cliff" index="11" instance=ExtResource( 1 )]

transform = Transform( -0.669848, -6.18838, 3.64293, 3.71877, 2.03086, 1.64419, -0.852478, 3.01693, 4.28793, -0.230056, 12.4081, -15.5326 )

[node name="Cliff_Rock10" parent="Cliff" index="12" instance=ExtResource( 1 )]

transform = Transform( -4.54028, -2.52536, 2.48039, 6.74335, 7.83898, 8.48613, 3.49799, 17.2376, 7.34486, -10.2595, 14.8061, -22.2967 )

[node name="DirectionalLight" type="DirectionalLight" parent="Cliff" index="13"]

visible = false
layers = 1
light_color = Color( 1, 1, 1, 1 )
light_energy = 1.0
light_indirect_energy = 1.0
light_negative = false
light_specular = 0.5
light_bake_mode = 1
light_cull_mask = -1
shadow_enabled = false
shadow_color = Color( 0, 0, 0, 1 )
shadow_bias = 0.1
shadow_contact = 0.0
shadow_reverse_cull_face = false
editor_only = false
directional_shadow_mode = 2
directional_shadow_split_1 = 0.1
directional_shadow_split_2 = 0.2
directional_shadow_split_3 = 0.5
directional_shadow_blend_splits = false
directional_shadow_normal_bias = 0.8
directional_shadow_bias_split_scale = 0.25
directional_shadow_depth_range = 0
directional_shadow_max_distance = 200.0

[node name="Cave" type="Spatial" parent="." index="1"]

editor/display_folded = true
_sections_unfolded = [ "Visibility" ]

[node name="Cave Entrance" type="Spatial" parent="Cave" index="0"]

editor/display_folded = true
transform = Transform( 1, 0, 0, 0, 1, 0, 0, 0, 1, 0, 4.96219, -0.784841 )

[node name="Cave Entrance Glow" type="MeshInstance" parent="Cave/Cave Entrance" index="0"]

transform = Transform( -0.424059, 0, -29.2341, 0, 29.2372, 0, 29.2341, 0, -0.424059, 51.1914, 5.33487, 0.419609 )
layers = 1
material_override = null
cast_shadow = 1
extra_cull_margin = 0.0
use_in_baked_light = false
lod_min_distance = 0.0
lod_min_hysteresis = 0.0
lod_max_distance = 0.0
lod_max_hysteresis = 0.0
mesh = SubResource( 1 )
skeleton = NodePath("..")
material/0 = ExtResource( 2 )
_sections_unfolded = [ "material" ]

[node name="Cave Entrance Darkness" type="MeshInstance" parent="Cave/Cave Entrance" index="1"]

transform = Transform( 1.98533, 0, 29.1697, 0, 29.2372, 0, -29.1697, 0, 1.98533, 18.3865, 5.33487, 0.419609 )
layers = 1
material_override = null
cast_shadow = 1
extra_cull_margin = 0.0
use_in_baked_light = false
lod_min_distance = 0.0
lod_min_hysteresis = 0.0
lod_max_distance = 0.0
lod_max_hysteresis = 0.0
mesh = SubResource( 2 )
skeleton = NodePath("..")
material/0 = ExtResource( 3 )
_sections_unfolded = [ "material" ]

[node name="Cave Entrance Darkness2" type="MeshInstance" parent="Cave/Cave Entrance" index="2"]

transform = Transform( 1.98533, 0, 29.1697, 0, 29.2372, 0, -29.1697, 0, 1.98533, -61.2608, 5.33487, 0.419609 )
layers = 1
material_override = null
cast_shadow = 1
extra_cull_margin = 0.0
use_in_baked_light = false
lod_min_distance = 0.0
lod_min_hysteresis = 0.0
lod_max_distance = 0.0
lod_max_hysteresis = 0.0
mesh = SubResource( 2 )
skeleton = NodePath("..")
material/0 = ExtResource( 3 )
_sections_unfolded = [ "material" ]

[node name="Cave Entrance Darkness3" type="MeshInstance" parent="Cave/Cave Entrance" index="3"]

transform = Transform( 1.98533, 0, 29.1697, 0, 29.2372, 0, -29.1697, 0, 1.98533, -132.597, -3.65206, 0.419609 )
layers = 1
material_override = null
cast_shadow = 1
extra_cull_margin = 0.0
use_in_baked_light = false
lod_min_distance = 0.0
lod_min_hysteresis = 0.0
lod_max_distance = 0.0
lod_max_hysteresis = 0.0
mesh = SubResource( 2 )
skeleton = NodePath("..")
material/0 = ExtResource( 3 )
_sections_unfolded = [ "material" ]

[node name="Green Glow" type="OmniLight" parent="Cave/Cave Entrance" index="4"]

transform = Transform( 0.0681962, 0, 0, 0, 0.000814201, 0.0810287, 0, -0.0668452, 0.00067168, -45.7031, 3.20917, 1.64005 )
visible = false
layers = 1
light_color = Color( 0.675781, 0.647709, 0.519552, 1 )
light_energy = 11.33
light_indirect_energy = 1.0
light_negative = false
light_specular = 0.16
light_bake_mode = 1
light_cull_mask = -1
shadow_enabled = false
shadow_color = Color( 0, 0, 0, 1 )
shadow_bias = 16.0
shadow_contact = 0.0
shadow_reverse_cull_face = false
editor_only = false
omni_range = 34.7482
omni_attenuation = 3.03143
omni_shadow_mode = 1
omni_shadow_detail = 1
_sections_unfolded = [ "Light", "Omni" ]

[node name="Cave_Straight1" parent="Cave" index="1" instance=ExtResource( 4 )]

transform = Transform( 3.63483, 0, 0, 0, 4.13135, -0.218082, 0, 0.248317, 3.62828, 2.08279, 9.89335, -1.92439 )

[node name="Cave Rock1" parent="Cave" index="2" instance=ExtResource( 5 )]

transform = Transform( 1.50785, 4.49809, -4.29985, -1.54336, 3.3872, 3.4892, 5.20822, 0.935398, 1.10867, -45.0432, 18.7949, 0.635918 )

[node name="Cave Rock 2" parent="Cave" index="3" instance=ExtResource( 5 )]

transform = Transform( 1.50785, 4.49809, -4.29985, -1.48603, 3.39728, 3.50117, 5.22487, 0.898114, 1.07025, -36.5321, -5.38143, 14.4005 )

[node name="Cave Rock 3" parent="Cave" index="4" instance=ExtResource( 5 )]

transform = Transform( 6.52867, -0.860535, -0.305578, 0.688238, 4.18234, 2.42149, -0.147181, -3.16306, 5.78008, -45.2155, -9.0711, -0.558201 )

[node name="Cave Rock 4" parent="Cave" index="5" instance=ExtResource( 5 )]

transform = Transform( 5.38111, 2.09875, -2.49701, -0.456264, -3.49546, -3.65348, -1.6176, 3.99474, -3.50847, -41.7129, -6.78469, -15.0999 )

[node name="Cave Rock 5" parent="Cave" index="6" instance=ExtResource( 5 )]

transform = Transform( -5.23974, -2.76507, 2.42577, -0.503348, 3.99282, 3.09803, -2.01814, 2.99878, -4.05096, -43.9926, -6.93837, 11.1371 )

[node name="Cave_Straight2" parent="Cave" index="7" instance=ExtResource( 4 )]

transform = Transform( 3.63483, 0, 0, 0, 3.9452, 0, 0, 0, 3.63483, -91.1932, 4.75383, -1.92439 )

[node name="Audio" type="Node" parent="Cave" index="8"]

editor/display_folded = true

[node name="Cave Mouth 1" type="AudioStreamPlayer3D" parent="Cave/Audio" index="0"]

transform = Transform( -0.983949, 0.17845, 0, -0.17845, -0.983949, 0, 0, 0, 1, 17.1423, 14.7818, -2.38508 )
stream = ExtResource( 6 )
attenuation_model = 0
unit_db = 8.0
unit_size = 1.0
max_db = 6.0
pitch_scale = 1.0
autoplay = true
max_distance = 60.0
out_of_range_mode = 0
bus = "Master"
area_mask = 0
emission_angle_enabled = true
emission_angle_degrees = 90.0
emission_angle_filter_attenuation_db = -12.0
attenuation_filter_cutoff_hz = 5000.0
attenuation_filter_db = -24.0
doppler_tracking = 2
_sections_unfolded = [ "Doppler", "Emission Angle" ]

[node name="Front Wind" type="AudioStreamPlayer3D" parent="Cave/Audio" index="1"]

transform = Transform( -0.983949, 0.17845, 0, -0.17845, -0.983949, 0, 0, 0, 1, 123.325, 17.7601, -3.09026 )
stream = ExtResource( 7 )
attenuation_model = 0
unit_db = 8.0
unit_size = 1.0
max_db = 6.0
pitch_scale = 1.0
autoplay = true
max_distance = 800.0
out_of_range_mode = 0
bus = "Master"
area_mask = 0
emission_angle_enabled = true
emission_angle_degrees = 90.0
emission_angle_filter_attenuation_db = -12.0
attenuation_filter_cutoff_hz = 5000.0
attenuation_filter_db = -24.0
doppler_tracking = 2
_sections_unfolded = [ "Doppler", "Emission Angle" ]

[node name="Cave Mouth 2" type="AudioStreamPlayer3D" parent="Cave/Audio" index="2"]

transform = Transform( -0.738004, 0.674797, 0, -0.674797, -0.738004, 0, 0, 0, 1, 12.7707, 14.484, 4.95304 )
stream = ExtResource( 6 )
attenuation_model = 0
unit_db = 8.0
unit_size = 1.0
max_db = 6.0
pitch_scale = 1.0
autoplay = true
max_distance = 60.0
out_of_range_mode = 0
bus = "Master"
area_mask = 0
emission_angle_enabled = true
emission_angle_degrees = 90.0
emission_angle_filter_attenuation_db = -12.0
attenuation_filter_cutoff_hz = 5000.0
attenuation_filter_db = -24.0
doppler_tracking = 2
_sections_unfolded = [ "Doppler", "Emission Angle" ]

[node name="Cave Mouth 3" type="AudioStreamPlayer3D" parent="Cave/Audio" index="3"]

transform = Transform( -0.422817, 0.883648, 0.200981, -0.792518, -0.468115, 0.390875, 0.439478, 0.00598729, 0.898234, -34.1106, 10.4403, -1.98924 )
stream = ExtResource( 6 )
attenuation_model = 0
unit_db = 8.0
unit_size = 1.0
max_db = 6.0
pitch_scale = 1.0
autoplay = true
max_distance = 400.0
out_of_range_mode = 0
bus = "Master"
area_mask = 0
emission_angle_enabled = true
emission_angle_degrees = 90.0
emission_angle_filter_attenuation_db = -12.0
attenuation_filter_cutoff_hz = 5000.0
attenuation_filter_db = -24.0
doppler_tracking = 2
_sections_unfolded = [ "Doppler", "Emission Angle" ]

[node name="Cave Drip 1" type="AudioStreamPlayer3D" parent="Cave/Audio" index="4"]

transform = Transform( -0.0836698, -0.950704, -0.298599, 0.885695, -0.208271, 0.414931, -0.456666, -0.22975, 0.85946, 1.70682, 1.05781, 2.02029 )
stream = ExtResource( 8 )
attenuation_model = 0
unit_db = -10.0
unit_size = 1.0
max_db = 1.0
pitch_scale = 1.0
autoplay = true
max_distance = 60.0
out_of_range_mode = 0
bus = "Master"
area_mask = 0
emission_angle_enabled = true
emission_angle_degrees = 90.0
emission_angle_filter_attenuation_db = -12.0
attenuation_filter_cutoff_hz = 5000.0
attenuation_filter_db = -24.0
doppler_tracking = 2
_sections_unfolded = [ "Doppler", "Emission Angle" ]

[node name="Cave Drip 2" type="AudioStreamPlayer3D" parent="Cave/Audio" index="5"]

transform = Transform( -0.0836698, -0.950704, -0.298599, 0.885695, -0.208271, 0.414931, -0.456666, -0.22975, 0.85946, -73.2096, -5.98903, 3.53553 )
stream = ExtResource( 8 )
attenuation_model = 0
unit_db = -4.0
unit_size = 1.0
max_db = 6.0
pitch_scale = 1.0
autoplay = true
max_distance = 200.0
out_of_range_mode = 0
bus = "Master"
area_mask = 0
emission_angle_enabled = true
emission_angle_degrees = 90.0
emission_angle_filter_attenuation_db = -12.0
attenuation_filter_cutoff_hz = 5000.0
attenuation_filter_db = -24.0
doppler_tracking = 2
_sections_unfolded = [ "Doppler", "Emission Angle" ]

[node name="Cave Drip 3" type="AudioStreamPlayer3D" parent="Cave/Audio" index="6"]

transform = Transform( -0.0836698, -0.950704, -0.298599, 0.885695, -0.208271, 0.414931, -0.456666, -0.22975, 0.85946, -126.952, -8.28037, -8.37971 )
stream = ExtResource( 8 )
attenuation_model = 0
unit_db = -10.0
unit_size = 1.0
max_db = 6.0
pitch_scale = 1.0
autoplay = true
max_distance = 60.0
out_of_range_mode = 0
bus = "Master"
area_mask = 0
emission_angle_enabled = true
emission_angle_degrees = 88.0
emission_angle_filter_attenuation_db = -12.0
attenuation_filter_cutoff_hz = 5000.0
attenuation_filter_db = -24.0
doppler_tracking = 2
_sections_unfolded = [ "Doppler", "Emission Angle" ]

[node name="Area" type="Area" parent="." index="2"]

transform = Transform( 263.655, 0, 0, 0, 263.655, 0, 0, 0, 263.655, 119, 17, -6 )
input_ray_pickable = false
input_capture_on_drag = false
space_override = 4
gravity_point = false
gravity_distance_scale = 0.0
gravity_vec = Vector3( 0, -1, 0 )
gravity = 9.8
linear_damp = 0.1
angular_damp = 1.0
priority = 10.0
monitoring = true
monitorable = true
collision_layer = 0
collision_mask = 1
audio_bus_override = false
audio_bus_name = "Master"
reverb_bus_enable = false
reverb_bus_name = "Master"
reverb_bus_amount = 0.0
reverb_bus_uniformity = 0.0
script = ExtResource( 9 )
_sections_unfolded = [ "Collision", "Transform", "Visibility" ]

[node name="CollisionShape" type="CollisionShape" parent="Area" index="0"]

transform = Transform( 0.35, 0, 0, 0, 0.35, 0, 0, 0, 0.35, 0, 0, 0 )
shape = SubResource( 3 )
disabled = false
_sections_unfolded = [ "Visibility" ]

[connection signal="area_shape_entered" from="Area" to="Area" method="_on_Area_area_shape_entered"]


