[gd_resource type="AudioBusLayout" load_steps=16 format=2]

[sub_resource type="AudioEffectEQ" id=1]

resource_name = "EQ"
band_db/32_hz = 0.0
band_db/100_hz = 0.0
band_db/320_hz = 0.0
band_db/1000_hz = 0.0
band_db/3200_hz = 0.0
band_db/10000_hz = 0.0

[sub_resource type="AudioEffectChorus" id=2]

resource_name = "Chorus"
voice_count = 2
dry = 1.0
wet = 0.5
voice/1/delay_ms = 15.0
voice/1/rate_hz = 0.8
voice/1/depth_ms = 2.0
voice/1/level_db = 0.0
voice/1/cutoff_hz = 8000.0
voice/1/pan = -0.5
voice/2/delay_ms = 20.0
voice/2/rate_hz = 1.2
voice/2/depth_ms = 3.0
voice/2/level_db = 0.0
voice/2/cutoff_hz = 8000.0
voice/2/pan = 0.5

[sub_resource type="AudioEffectReverb" id=3]

resource_name = "Reverb"
predelay_msec = 150.0
predelay_feedback = 0.4
room_size = 0.85
damping = 0.69
spread = 0.71
hipass = 0.0
dry = 1.0
wet = 0.25

[sub_resource type="AudioEffectReverb" id=4]

resource_name = "Reverb"
predelay_msec = 150.0
predelay_feedback = 0.4
room_size = 0.8
damping = 0.5
spread = 1.0
hipass = 0.0
dry = 1.0
wet = 0.5

[sub_resource type="AudioEffectReverb" id=5]

resource_name = "Reverb"
predelay_msec = 150.0
predelay_feedback = 0.4
room_size = 0.8
damping = 0.5
spread = 1.0
hipass = 0.0
dry = 1.0
wet = 0.5

[sub_resource type="AudioEffectHighPassFilter" id=6]

resource_name = "HighPassFilter"
cutoff_hz = 2000.0
resonance = 0.5
gain = 1.0
db = 0

[sub_resource type="AudioEffectBandLimitFilter" id=7]

resource_name = "BandLimitFilter"
cutoff_hz = 2000.0
resonance = 0.5
gain = 1.0
db = 0

[sub_resource type="AudioEffectHighPassFilter" id=8]

resource_name = "HighPassFilter"
cutoff_hz = 2000.0
resonance = 0.5
gain = 1.0
db = 0

[sub_resource type="AudioEffectReverb" id=9]

resource_name = "Reverb"
predelay_msec = 150.0
predelay_feedback = 0.4
room_size = 0.8
damping = 0.5
spread = 1.0
hipass = 0.0
dry = 1.0
wet = 0.5

[sub_resource type="AudioEffectBandLimitFilter" id=10]

resource_name = "BandLimitFilter"
cutoff_hz = 2000.0
resonance = 0.5
gain = 1.0
db = 0

[sub_resource type="AudioEffectEQ" id=11]

resource_name = "EQ"
band_db/32_hz = 0.0
band_db/100_hz = 0.0
band_db/320_hz = 0.0
band_db/1000_hz = 0.0
band_db/3200_hz = 0.0
band_db/10000_hz = 0.0

[sub_resource type="AudioEffectChorus" id=12]

resource_name = "Chorus"
voice_count = 2
dry = 1.0
wet = 0.5
voice/1/delay_ms = 15.0
voice/1/rate_hz = 0.8
voice/1/depth_ms = 2.0
voice/1/level_db = 0.0
voice/1/cutoff_hz = 8000.0
voice/1/pan = -0.5
voice/2/delay_ms = 20.0
voice/2/rate_hz = 1.2
voice/2/depth_ms = 3.0
voice/2/level_db = 0.0
voice/2/cutoff_hz = 8000.0
voice/2/pan = 0.5

[sub_resource type="AudioEffectDelay" id=13]

resource_name = "Delay"
dry = 1.0
tap1/active = true
tap1/delay_ms = 250.0
tap1/level_db = -6.0
tap1/pan = 0.2
tap2/active = true
tap2/delay_ms = 500.0
tap2/level_db = -12.0
tap2/pan = -0.4
feedback/active = false
feedback/delay_ms = 340.0
feedback/level_db = -6.0
feedback/lowpass = 16000.0

[sub_resource type="AudioEffectReverb" id=14]

resource_name = "Reverb"
predelay_msec = 150.0
predelay_feedback = 0.4
room_size = 0.8
damping = 0.5
spread = 1.0
hipass = 0.0
dry = 1.0
wet = 0.5

[sub_resource type="AudioEffectReverb" id=15]

resource_name = "Reverb"
predelay_msec = 150.0
predelay_feedback = 0.4
room_size = 0.8
damping = 0.5
spread = 1.0
hipass = 0.0
dry = 1.0
wet = 0.5

[resource]

bus/0/name = "Master"
bus/0/solo = false
bus/0/mute = false
bus/0/bypass_fx = false
bus/0/volume_db = 3.6
bus/0/send = ""
bus/0/effect/0/effect = SubResource( 1 )
bus/0/effect/0/enabled = true
bus/1/name = "Clicks"
bus/1/solo = false
bus/1/mute = false
bus/1/bypass_fx = false
bus/1/volume_db = -25.2
bus/1/send = "Master"
bus/1/effect/0/effect = SubResource( 2 )
bus/1/effect/0/enabled = false
bus/1/effect/1/effect = SubResource( 3 )
bus/1/effect/1/enabled = false
bus/2/name = "signal"
bus/2/solo = false
bus/2/mute = false
bus/2/bypass_fx = false
bus/2/volume_db = -4.8
bus/2/send = "Master"
bus/2/effect/0/effect = SubResource( 4 )
bus/2/effect/0/enabled = true
bus/3/name = "new wind"
bus/3/solo = false
bus/3/mute = false
bus/3/bypass_fx = false
bus/3/volume_db = -14.1
bus/3/send = "Master"
bus/3/effect/0/effect = SubResource( 5 )
bus/3/effect/0/enabled = true
bus/3/effect/1/effect = SubResource( 6 )
bus/3/effect/1/enabled = true
bus/3/effect/2/effect = SubResource( 7 )
bus/3/effect/2/enabled = true
bus/4/name = "dead recorder"
bus/4/solo = false
bus/4/mute = false
bus/4/bypass_fx = false
bus/4/volume_db = -16.0
bus/4/send = "Master"
bus/4/effect/0/effect = SubResource( 8 )
bus/4/effect/0/enabled = true
bus/4/effect/1/effect = SubResource( 9 )
bus/4/effect/1/enabled = true
bus/4/effect/2/effect = SubResource( 10 )
bus/4/effect/2/enabled = false
bus/5/name = "drips"
bus/5/solo = false
bus/5/mute = false
bus/5/bypass_fx = false
bus/5/volume_db = -22.9
bus/5/send = "Master"
bus/5/effect/0/effect = SubResource( 11 )
bus/5/effect/0/enabled = true
bus/6/name = "opening"
bus/6/solo = false
bus/6/mute = false
bus/6/bypass_fx = false
bus/6/volume_db = -26.1
bus/6/send = "Master"
bus/6/effect/0/effect = SubResource( 12 )
bus/6/effect/0/enabled = true
bus/6/effect/1/effect = SubResource( 13 )
bus/6/effect/1/enabled = false
bus/6/effect/2/effect = SubResource( 14 )
bus/6/effect/2/enabled = true
bus/7/name = "drone"
bus/7/solo = false
bus/7/mute = false
bus/7/bypass_fx = false
bus/7/volume_db = -17.8
bus/7/send = "Master"
bus/7/effect/0/effect = SubResource( 15 )
bus/7/effect/0/enabled = true

